<record><leader>00000cas a2200000 a 4500</leader><controlfield tag="001">28918607</controlfield><controlfield tag="008">930930d19581962caudn ne      0    0eng c</controlfield><datafield ind1=" " ind2=" " tag="010"><subfield code="a">sn 93053353 </subfield></datafield><datafield ind1=" " ind2=" " tag="040"><subfield code="a">CNK</subfield><subfield code="b">eng</subfield><subfield code="c">CNK</subfield><subfield code="d">OCLCQ</subfield><subfield code="d">CNK</subfield><subfield code="d">OCLCQ</subfield><subfield code="d">OCLCF</subfield><subfield code="d">OCLCO</subfield></datafield><datafield ind1="1" ind2=" " tag="029"><subfield code="a">AU@</subfield><subfield code="b">000025906243</subfield></datafield><datafield ind1=" " ind2=" " tag="042"><subfield code="a">pcc</subfield></datafield><datafield ind1=" " ind2=" " tag="043"><subfield code="a">n-us-ca</subfield></datafield><datafield ind1="0" ind2="0" tag="245"><subfield code="a">Sonora daily the union Democrat.</subfield></datafield><datafield ind1="3" ind2="0" tag="246"><subfield code="a">Daily union Democrat</subfield></datafield><datafield ind1=" " ind2=" " tag="260"><subfield code="a">Sonora, Calif. :</subfield><subfield code="b">Paul Snider</subfield></datafield><datafield ind1=" " ind2=" " tag="300"><subfield code="a">v.</subfield></datafield><datafield ind1=" " ind2=" " tag="310"><subfield code="a">Daily (except Sat., Sun., &amp; holidays)</subfield></datafield><datafield ind1="0" ind2=" " tag="362"><subfield code="a">104th year, no. 254 (June 30, 1958)-109th year, no. 100 (Nov. 21, 1962).</subfield></datafield><datafield ind1=" " ind2=" " tag="500"><subfield code="a">Published as: The Daily union Democrat; on Wednesdays, Dec. 6, 1961-Nov. 21, 1962; on Thursdays, May 24-July 5, 1962; on Mondays, Oct. 29-Nov. 19, 1962.</subfield></datafield><datafield ind1=" " ind2=" " tag="530"><subfield code="a">Master negatives are available for duplication from:</subfield><subfield code="b">California Newspaper Microfilm Archive;</subfield><subfield code="c">positive copies may be purchased by the reel; for further information consult the CNMA at:</subfield><subfield code="u">http://cbsr.ucr.edu</subfield></datafield><datafield ind1=" " ind2="0" tag="651"><subfield code="a">Sonora (Calif.)</subfield><subfield code="v">Newspapers.</subfield></datafield><datafield ind1=" " ind2="7" tag="655"><subfield code="a">Newspapers.</subfield><subfield code="2">fast</subfield><subfield code="0">(OCoLC)fst01423814</subfield></datafield><datafield ind1=" " ind2="7" tag="651"><subfield code="a">California</subfield><subfield code="z">Sonora.</subfield><subfield code="2">fast</subfield><subfield code="0">(OCoLC)fst01215514</subfield></datafield><datafield ind1=" " ind2=" " tag="752"><subfield code="a">United States</subfield><subfield code="b">California</subfield><subfield code="c">Tuolumne</subfield><subfield code="d">Sonora.</subfield></datafield><datafield ind1="0" ind2="0" tag="780"><subfield code="t">Union Democrat (Sonora, Calif. : 1949)</subfield><subfield code="w">(DLC)sn 93053352</subfield></datafield><datafield ind1="0" ind2="0" tag="785"><subfield code="t">Union Democrat (Sonora, Calif. : 1962)</subfield><subfield code="w">(DLC)sn 93053354</subfield></datafield></record>